<?xml version="1.0" encoding="UTF-8"?><collection xmlns="http://www.loc.gov/MARC21/slim"><record><leader>00634nam--2200169-i-4500</leader><controlfield tag="001">000037678</controlfield><controlfield tag="002">20161230</controlfield><controlfield tag="005">20161230201041</controlfield><controlfield tag="008">060222s1000------------r-----000-0-eng-d</controlfield><datafield ind1=" " ind2=" " tag="040"><subfield code="a">IFIN-HH</subfield></datafield><datafield ind1=" " ind2=" " tag="080"><subfield code="a">533.9.15</subfield></datafield><datafield ind1="1" ind2=" " tag="110"><subfield code="a">International Union Of Pure And Applied Chemistry</subfield></datafield><datafield ind1="1" ind2="0" tag="245"><subfield code="a">Properties and applications of low-temperature plasma</subfield><subfield code="b">Plenary lectures presented at the international symposium on the properties and applications of low-temperature plasma held in moscow, ussr, 15-18 july, 1965</subfield></datafield><datafield ind1=" " ind2=" " tag="260"><subfield code="a">London, Butterworths, 1966</subfield></datafield><datafield ind1=" " ind2=" " tag="300"><subfield code="a">V+ /329-402/ P</subfield></datafield><datafield ind1=" " ind2=" " tag="852"><subfield code="a">27210</subfield><subfield code="c">533.9</subfield></datafield><datafield ind1=" " ind2=" " tag="CAT"><subfield code="a">Sys</subfield><subfield code="c">20100922</subfield><subfield code="h">150657</subfield></datafield></record></collection>